@techreport {101,
	title = {Report on existing and selected datasets},
	number = {D3.2},
	year = {2013},
	month = {01/2013},
	type = {Project deliverable},
	keywords = {BioASQ public document},
	url = {sites/default/files/PublicDocuments/2013-D3.2-ReportOnExistingAndSelectedDatasets.pdf},
	author = {George Tsatsaronis and Matthias Zschunke and Michael R. Alvers and Christian Plonka}
}
