@techreport {145,
	title = {Evaluation Framework Specifications},
	number = {D4.1},
	year = {2013},
	month = {05/2013},
	type = {Project deliverable},
	url = {sites/default/files/PublicDocuments/BioASQ_D4.1-EvaluationFrameworkSpecification_final.pdf},
	author = {Georgios Balikas and Ioannis Partalas and Aris Kosmopoulos and Sergios Petridis and Prodromos Malakasiotis and Ioannis Pavlopoulos and Ion Androutsopoulos and Nicolas Baskiotis and Eric Gaussier and Thierry Artieres and Patrick Gallinari}
}

@techreport {101,
	title = {Report on existing and selected datasets},
	number = {D3.2},
	year = {2013},
	month = {01/2013},
	type = {Project deliverable},
	keywords = {BioASQ public document},
	url = {sites/default/files/PublicDocuments/2013-D3.2-ReportOnExistingAndSelectedDatasets.pdf},
	author = {George Tsatsaronis and Matthias Zschunke and Michael R. Alvers and Christian Plonka}
}

